@article{altschul1990basic,
      title={Basic local alignment search tool},
        author={Altschul, Stephen F and Gish, Warren and Miller, Webb and
            Myers, Eugene W and Lipman, David J},
          journal={Journal of molecular biology},
            volume={215},
              number={3},
                pages={403--410},
                  year={1990},
                    publisher={Elsevier}
}

@article{sievers2011fast,
      title={Fast, scalable generation of high-quality protein multiple
          sequence alignments using Clustal Omega},
        author={Sievers, Fabian and Wilm, Andreas and Dineen, David and Gibson,
            Toby J and Karplus, Kevin and Li, Weizhong and Lopez, Rodrigo and
                McWilliam, Hamish and Remmert, Michael and S{\"o}ding, Johannes
                and others},
          journal={Molecular systems biology},
            volume={7},
              number={1},
                pages={539},
                  year={2011},
                    publisher={EMBO Press}
}

@article{needleman1970general,
      title={A general method applicable to the search for similarities in the
          amino acid sequence of two proteins},
        author={Needleman, Saul B and Wunsch, Christian D},
          journal={Journal of molecular biology},
            volume={48},
              number={3},
                pages={443--453},
                  year={1970},
                    publisher={Elsevier}
}

@article{smith1981identification,
      title={Identification of common molecular subsequences},
        author={Smith, Temple F and Waterman, Michael S},
          journal={Journal of molecular biology},
            volume={147},
              number={1},
                pages={195--197},
                  year={1981},
                    publisher={Elsevier}
}

@article{nagalakshmi2008transcriptional,
      title={The transcriptional landscape of the yeast genome defined by RNA
          sequencing},
        author={Nagalakshmi, Ugrappa and Wang, Zhong and Waern, Karl and Shou,
            Chong and Raha, Debasish and Gerstein, Mark and Snyder, Michael},
          journal={Science},
            volume={320},
              number={5881},
                pages={1344--1349},
                  year={2008},
                    publisher={American Association for the Advancement of
                        Science}
}

@article{johnson2007genome,
      title={Genome-wide mapping of in vivo protein-DNA interactions},
        author={Johnson, David S and Mortazavi, Ali and Myers, Richard M and
            Wold, Barbara},
          journal={Science},
            volume={316},
              number={5830},
                pages={1497--1502},
                  year={2007},
                    publisher={American Association for the Advancement of
                        Science}
}

@article{qin2010human,
      title={A human gut microbial gene catalogue established by metagenomic
          sequencing},
        author={Qin, Junjie and Li, Ruiqiang and Raes, Jeroen and Arumugam,
            Manimozhiyan and Burgdorf, Kristoffer Solvsten and Manichanh,
            Chaysavanh and Nielsen, Trine and Pons, Nicolas and Levenez,
            Florence and Yamada, Takuji and others},
          journal={nature},
            volume={464},
              number={7285},
                pages={59--65},
                  year={2010},
                    publisher={Nature Publishing Group}
}

@article{chen2005bioinformatics,
      title={Bioinformatics for whole-genome shotgun sequencing of microbial
          communities},
        author={Chen, Kevin and Pachter, Lior},
          journal={PLoS Comput Biol},
            volume={1},
              number={2},
                pages={106--112},
                  year={2005}
}

@article{langille2013predictive,
      title={Predictive functional profiling of microbial communities using 16S
          rRNA marker gene sequences},
        author={Langille, Morgan GI and Zaneveld, Jesse and Caporaso, J Gregory
            and McDonald, Daniel and Knights, Dan and Reyes, Joshua A and
                Clemente, Jose C and Burkepile, Deron E and Thurber, Rebecca L
                Vega and Knight, Rob and others},
          journal={Nature biotechnology},
            volume={31},
              number={9},
                pages={814--821},
                  year={2013},
                    publisher={Nature Publishing Group}
}

@article{rice2000emboss,
      title={EMBOSS: the European molecular biology open software suite},
        author={Rice, Peter and Longden, Ian and Bleasby, Alan and others},
          journal={Trends in genetics},
            volume={16},
              number={6},
                pages={276--277},
                  year={2000},
                    publisher={[Amsterdam, The Netherlands: Elsevier Science
                        Publishers (Biomedical Division)], c1985-}
}

@article{segata2011metagenomic,
      title={Metagenomic biomarker discovery and explanation},
        author={Segata, Nicola and Izard, Jacques and Waldron, Levi and Gevers,
            Dirk and Miropolsky, Larisa and Garrett, Wendy S and Huttenhower,
            Curtis},
          journal={Genome Biol},
            volume={12},
              number={6},
                pages={R60},
                  year={2011}
}

@article{sanger1977dna,
      title={DNA sequencing with chain-terminating inhibitors},
        author={Sanger, Frederick and Nicklen, Steven and Coulson, Alan R},
          journal={Proceedings of the National Academy of Sciences},
            volume={74},
              number={12},
                pages={5463--5467},
                  year={1977},
                    publisher={National Acad Sciences}
}

@article{henikoff1992amino,
      title={Amino acid substitution matrices from protein blocks},
        author={Henikoff, Steven and Henikoff, Jorja G},
          journal={Proceedings of the National Academy of Sciences},
            volume={89},
              number={22},
                pages={10915--10919},
                  year={1992},
                    publisher={National Acad Sciences}
}

@article{roach1995pairwise,
      title={Pairwise end sequencing: a unified approach to genomic mapping and
          sequencing},
        author={Roach, Jared C and Boysen, Cecilie and Wang, Kai and Hood,
            Leroy},
          journal={Genomics},
            volume={26},
              number={2},
                pages={345--353},
                  year={1995},
                    publisher={Elsevier}
}

@article{fleischmann1995whole,
      title={Whole-genome random sequencing and assembly of Haemophilus
          influenzae Rd},
        author={Fleischmann, Robert D and Adams, Mark D and White, Owen and
            Clayton, Rebecca A and Kirkness, Ewen F and Kerlavage, Anthony R
                and Bult, Carol J and Tomb, Jean-Francois and Dougherty, Brian
                A and Merrick, Joseph M and others},
          journal={Science},
            volume={269},
              number={5223},
                pages={496--512},
                  year={1995},
                    publisher={American Association for the Advancement of
                        Science}
}

@book{rowling1997harry,
      title={Harry Potter and the Philosopher's Stone: Harry Potter. Book One},
        author={Rowling, Joanne Kathleen},
          year={1997},
            publisher={Bloomsbury}
}

@article{glockner2000comparative,
      title={Comparative 16S rRNA analysis of lake bacterioplankton reveals
          globally distributed phylogenetic clusters including an abundant
              group of actinobacteria},
        author={Gl{\"o}ckner, Frank Oliver and Zaichikov, Evgeny and Belkova,
            Natalia and Denissova, Ludmilla and Pernthaler, Jakob and
                Pernthaler, Annelie and Amann, Rudolf},
          journal={Applied and Environmental Microbiology},
            volume={66},
              number={11},
                pages={5053--5065},
                  year={2000},
                    publisher={Am Soc Microbiol}
}

@techreport{shipman2005tkinter,
      title={Tkinter reference: a GUI for Python},
        author={Shipman, John W},
          year={2005},
            institution={Technical report, New Mexico Tech Computer Center}
}

@article{karolchik2003ucsc,
      title={The UCSC genome browser database},
        author={Karolchik, Donna and Baertsch, Robert and Diekhans, Mark and
            Furey, Terrence S and Hinrichs, Angie and Lu, YT and Roskin,
            Krishna M and Schwartz, Matthias and Sugnet, Charles W and Thomas,
            Daryl J and others},
          journal={Nucleic acids research},
            volume={31},
              number={1},
                pages={51--54},
                  year={2003},
                    publisher={Oxford Univ Press}
}

@article{cock2010sanger,
      title={The Sanger FASTQ file format for sequences with quality scores,
          and the Solexa/Illumina FASTQ variants},
        author={Cock, Peter JA and Fields, Christopher J and Goto, Naohisa and
            Heuer, Michael L and Rice, Peter M},
          journal={Nucleic acids research},
            volume={38},
              number={6},
                pages={1767--1771},
                  year={2010},
                    publisher={Oxford Univ Press}
}

@article{edgar2002gene,
      title={Gene Expression Omnibus: NCBI gene expression and hybridization
          array data repository},
        author={Edgar, Ron and Domrachev, Michael and Lash, Alex E},
          journal={Nucleic acids research},
            volume={30},
              number={1},
                pages={207--210},
                  year={2002},
                    publisher={Oxford Univ Press}
}

@article{ashburner2000gene,
      title={Gene Ontology: tool for the unification of biology},
        author={Ashburner, Michael and Ball, Catherine A and Blake, Judith A
            and Botstein, David and Butler, Heather and Cherry, J Michael and
                Davis, Allan P and Dolinski, Kara and Dwight, Selina S and
                Eppig, Janan T and others},
          journal={Nature genetics},
            volume={25},
              number={1},
                pages={25--29},
                  year={2000},
                    publisher={Nature Publishing Group}
}

@article{berman2000protein,
      title={The protein data bank},
        author={Berman, Helen M and Westbrook, John and Feng, Zukang and
            Gilliland, Gary and Bhat, TN and Weissig, Helge and Shindyalov,
            Ilya N and Bourne, Philip E},
          journal={Nucleic acids research},
            volume={28},
              number={1},
                pages={235--242},
                  year={2000},
                    publisher={Oxford Univ Press}
}

@article{apweiler2004uniprot,
      title={UniProt: the universal protein knowledgebase},
        author={Apweiler, Rolf and Bairoch, Amos and Wu, Cathy H and Barker,
            Winona C and Boeckmann, Brigitte and Ferro, Serenella and
                Gasteiger, Elisabeth and Huang, Hongzhan and Lopez, Rodrigo and
                Magrane, Michele and others},
          journal={Nucleic acids research},
            volume={32},
              number={suppl 1},
                pages={D115--D119},
                  year={2004},
                    publisher={Oxford Univ Press}
}

@article{von2003string,
      title={STRING: a database of predicted functional associations between
          proteins},
        author={Von Mering, Christian and Huynen, Martijn and Jaeggi, Daniel
            and Schmidt, Steffen and Bork, Peer and Snel, Berend},
          journal={Nucleic acids research},
            volume={31},
              number={1},
                pages={258--261},
                  year={2003},
                    publisher={Oxford Univ Press}
}

@article{ogata1999kegg,
      title={KEGG: Kyoto encyclopedia of genes and genomes},
        author={Ogata, Hiroyuki and Goto, Susumu and Sato, Kazushige and
            Fujibuchi, Wataru and Bono, Hidemasa and Kanehisa, Minoru},
          journal={Nucleic acids research},
            volume={27},
              number={1},
                pages={29--34},
                  year={1999},
                    publisher={Oxford Univ Press}
}

@article{leinonen2010sequence,
      title={The sequence read archive},
        author={Leinonen, Rasko and Sugawara, Hideaki and Shumway, Martin},
          journal={Nucleic acids research},
            pages={gkq1019},
              year={2010},
                publisher={Oxford Univ Press}
}
